<?xml version="1.0" encoding="UTF-8"?><record xmlns="http://www.loc.gov/MARC21/slim" xmlns:cinclude="http://apache.org/cocoon/include/1.0" xmlns:zs="http://www.loc.gov/zing/srw/">
  <leader>01011cz  a2200229n  4500</leader>
  <controlfield tag="001">nb2007014037</controlfield>
  <controlfield tag="003">DLC</controlfield>
  <controlfield tag="005">20130323085351.0</controlfield>
  <controlfield tag="008">070613n| azannaabn          |b aaa      </controlfield>
  <datafield tag="010" ind1=" " ind2=" ">
    <subfield code="a">nb2007014037</subfield>
  </datafield>
  <datafield tag="035" ind1=" " ind2=" ">
    <subfield code="a">(OCoLC)oca07438650</subfield>
  </datafield>
  <datafield tag="040" ind1=" " ind2=" ">
    <subfield code="a">Uk</subfield>
    <subfield code="b">eng</subfield>
    <subfield code="e">rda</subfield>
    <subfield code="c">Uk</subfield>
    <subfield code="d">OCoLC</subfield>
    <subfield code="d">DLC</subfield>
  </datafield>
  <datafield tag="046" ind1=" " ind2=" ">
    <subfield code="s">17</subfield>
  </datafield>
  <datafield tag="100" ind1="0" ind2=" ">
    <subfield code="a">Tsevi Hirsh ben Meʼir,</subfield>
    <subfield code="d">active 18th century</subfield>
  </datafield>
  <datafield tag="400" ind1="1" ind2=" ">
    <subfield code="a">Baschwitz, Hirsch Meyer,</subfield>
    <subfield code="d">active 18th century</subfield>
  </datafield>
  <datafield tag="400" ind1="0" ind2=" ">
    <subfield code="w">nnea</subfield>
    <subfield code="a">Tsevi Hirsh ben Meʼir,</subfield>
    <subfield code="d">18th cent.</subfield>
  </datafield>
  <datafield tag="400" ind1="0" ind2=" ">
    <subfield code="a">צבי הירש בן מאיר,</subfield>
    <subfield code="c">המאה ה-18</subfield>
  </datafield>
  <datafield tag="667" ind1=" " ind2=" ">
    <subfield code="a">Machine-derived non-Latin script reference project.</subfield>
  </datafield>
  <datafield tag="667" ind1=" " ind2=" ">
    <subfield code="a">Non-Latin script reference not evaluated.</subfield>
  </datafield>
  <datafield tag="670" ind1=" " ind2=" ">
    <subfield code="a">Brivshṭeller oder Patshegen ha-ketav le-ḥinukh neʻarim ... ʻim ha-heʻteḳ li-leshon Ashkenaz, 1789:</subfield>
    <subfield code="b">t.p. (Tsevi Hirsh beha-r. R. Meʼir)</subfield>
  </datafield>
  <datafield tag="670" ind1=" " ind2=" ">
    <subfield code="a">RLIN, 13 June 2007</subfield>
    <subfield code="b">(hdg.: Tsevi Hirsh ben Meʼir, 18th cent.)</subfield>
  </datafield>
  <datafield tag="670" ind1=" " ind2=" ">
    <subfield code="a">Catalogue of the Hebrew books in the Library of the British Museum, 1867:</subfield>
    <subfield code="b">p. 79 (Baschwitz, Hirsch Meyer)</subfield>
  </datafield>
</record>